% This file was created with JabRef 2.10b2.
% Encoding: ISO8859_1


@TechReport{dokt-liec-holl-2009,
  Title                    = {Bird detection by operational weather radar},
  Author                   = {Adriaan M. Dokter and Felix Liechti and Iwan Holleman},
  Institution              = {KNMI},
  Year                     = {2009},
  Number                   = {6}
}

